<?xml version="1.0" encoding="UTF-8"?><record xmlns="http://www.loc.gov/MARC21/slim" xmlns:cinclude="http://apache.org/cocoon/include/1.0" xmlns:zs="http://www.loc.gov/zing/srw/">
  <leader>00456cz  a2200133n  4500</leader>
  <controlfield tag="001">n 2011056097</controlfield>
  <controlfield tag="003">DLC</controlfield>
  <controlfield tag="005">20110818075009.0</controlfield>
  <controlfield tag="008">110817n| acannaabn          |n aaa      </controlfield>
  <datafield tag="010" ind1=" " ind2=" ">
    <subfield code="a">n 2011056097</subfield>
  </datafield>
  <datafield tag="040" ind1=" " ind2=" ">
    <subfield code="a">DLC</subfield>
    <subfield code="b">eng</subfield>
    <subfield code="c">DLC</subfield>
  </datafield>
  <datafield tag="100" ind1="1" ind2=" ">
    <subfield code="a">Lardone, Francesco Giuseppe,</subfield>
    <subfield code="d">1887-1980</subfield>
  </datafield>
  <datafield tag="670" ind1=" " ind2=" ">
    <subfield code="a">Imperial constitutions of Theodosius II and the Council of Ephesus, 1932.</subfield>
  </datafield>
  <datafield tag="670" ind1=" " ind2=" ">
    <subfield code="a">Italian Wikipedia WWW, Aug. 17, 2011:</subfield>
    <subfield code="b">(Francesco Giuseppe Lardone: b. 1887; d. 1980)</subfield>
  </datafield>
</record>